@misc{openai2024chatgpt,
  author       = {OpenAI},
  title        = {ChatGPT language model},
  year         = {2024},
  howpublished = {Online},
  url          = {https://chatgpt.com/},
  note         = {Accessed: December 5, 2024}
}

@article{banati2022attackgraphs,
  author = {Bánáti, Anna and Fleiner, Rita and Rigó, Ernő and Kail, Eszter},
  title = {Use cases of attack graph for SOC optimization purpose},
  journal = {26th IEEE International Conference on Intelligent Engineering Systems (INES)},
  year = {2022},
  pages = {143--148},
  doi = {10.1109/INES56734.2022.9922617}
}

@article{simonnagy2022attackgraphs,
  author = {Simon-Nagy, Gabriella and Bánáti, Anna and Fleiner, Rita},
  title = {Attack Graph Implementation in Graph Database},
  journal = {20th IEEE Jubilee International Symposium on Intelligent Systems and Informatics (SISY)},
  year = {2022},
  pages = {127--132},
  doi = {10.1109/SISY56759.2022.10036309}
}

@article{honeypotsurvey,
  author = {Spitzner, Lance},
  title = {Honeypots: Tracking Hackers},
  journal = {Addison-Wesley},
  year = {2003}
}

@book{neo4jguide,
  author = {Robinson, Ian and Webber, Jim and Eifrem, Emil},
  title = {Graph Databases},
  publisher = {O'Reilly Media},
  year = {2015}
}

@article{attackgraphsurvey,
  author = {Hong, J.B. and Kim, D.S.},
  title = {A Survey on the Usability and Practical Applications of Graphical Security Models},
  journal = {Computer Science Review},
  volume = {26},
  pages = {1--16},
  year = {2017},
  doi = {10.1016/j.cosrev.2017.09.001}
}

@mastersthesis{vijayakumar2020unified,
  title     = {A Unified Data Model for Cyber Threat Intelligence in Operational Technology Networks},
  author    = {Vijayakumar, S.},
  year      = {2020},
  school    = {Eindhoven University of Technology},
  type      = {Master's Thesis},
  url       = {https://research.tue.nl/en/studentTheses/a-unified-data-model-for-cyber-threat-intelligence-in-operational},
  note      = {Accessed: 2024-11-23}
}

@article{gao2018exploring,
  title={Exploring Attack Graphs for Security Risk Assessment: A Probabilistic Approach},
  author={Gao, Ni and He, Yiyue and Ling, Beilei},
  journal={Wuhan University Journal of Natural Sciences},
  volume={23},
  number={2},
  pages={171--177},
  year={2018},
  publisher={Springer},
  doi={10.1007/s11859-018-1307-0}
}

@article{mirkovic2004taxonomy,
  title={A Taxonomy of DDoS Attack and DDoS Defense Mechanisms},
  author={Mirkovic, Jelena and Reiher, Peter},
  journal={ACM SIGCOMM Computer Communication Review},
  volume={34},
  number={2},
  pages={39--53},
  year={2004}
}

@book{spitzner2003honeypots,
  title={Honeypots: Tracking Hackers},
  author={Spitzner, Lance},
  publisher={Addison-Wesley},
  year={2003}
}

@book{provos2007virtual,
  title={Virtual Honeypots: From Botnet Tracking to Intrusion Detection},
  author={Provos, Niels and Holz, Thorsten},
  publisher={Addison-Wesley Professional},
  year={2007}
}

@article{katti2018honeypot,
  title={Honeypot Data Analysis Techniques in Cybersecurity: A Review},
  author={Katti, Ashwini and Kadam, Varsha},
  journal={International Journal of Computer Applications},
  volume={180},
  number={29},
  pages={1--5},
  year={2018}
}

@book{robinson2015graph,
  title={Graph Databases: New Opportunities for Connected Data},
  author={Robinson, Ian and Webber, Jim and Eifrem, Emil},
  edition={2nd},
  publisher={O'Reilly Media},
  year={2015}
}

@misc{oasis2023stix,
  title={STIX (Structured Threat Information Expression)},
  author={Organization for the Advancement of Structured Information Standards (OASIS)},
  howpublished={\url{https://oasis-open.github.io/cti-documentation/}},
  year={2023},
  note={Accessed: 2024-12-01}
}

@inproceedings{sharma2018utilizing,
  title={Utilizing Graph Databases for Cybersecurity Applications},
  author={Sharma, Saurabh Kumar and others},
  booktitle={Proceedings of the IEEE International Conference on Big Data},
  pages={5046--5051},
  year={2018}
}

@article{ring2019survey,
  title={A Survey of Network-based Intrusion Detection Data Sets},
  author={Ring, Matthias and others},
  journal={Computers \& Security},
  volume={86},
  pages={147--167},
  year={2019}
}

@techreport{barnum2012standardizing,
  title={Standardizing Cyber Threat Intelligence Information with the Structured Threat Information Expression (STIX)},
  author={Barnum, Sean},
  institution={MITRE Corporation},
  year={2012}
}

@misc{acm2018ethics,
    title={ACM Code of Ethics and Professional Conduct},
    year={2018},
    note={Association for Computing Machinery},
    url={https://www.acm.org/code-of-ethics}
}

@misc{stix2017core,
  title={{STIX}\texttrademark~Version 2.0. Part 1: {STIX} Core Concepts},
  year={2017},
  howpublished={OASIS Committee Specification 01},
  month={July},
  url={https://docs.oasis-open.org/cti/stix/v2.0/stix-v2.0-part1-stix-core.pdf}
}

@misc{stix2python,
  title={{stix2} Python Library},
  howpublished={\url{https://stix2.readthedocs.io/en/latest/}},
  note={Accessed: December 2, 2024}
}

@misc{dateutil,
  title={{dateutil} 2.8.1 Documentation},
  howpublished={\url{https://dateutil.readthedocs.io/en/stable/}},
  note={Accessed: December 2, 2024}
}

@book{webber2012graph,
  title={Graph Databases},
  author={Webber, Jim and Robinson, Ian and Eifrem, Emil},
  year={2012},
  publisher={O'Reilly Media, Inc.}
}

@misc{neo4j,
  title={{Neo4j} Graph Platform},
  howpublished={\url{https://neo4j.com/}},
  note={Accessed: December 2, 2024}
}

@misc{neo4jpython,
  title={{Neo4j} Python Driver},
  howpublished={\url{https://neo4j.com/developer/python/}},
  note={Accessed: December 2, 2024}
}

@article{francis2018cypher,
  title={Cypher: An evolving query language for property graphs},
  author={Francis, Rebecca and van Rest, Owen and Angles, Renzo and et al.},
  journal={Proceedings of the International Conference on Management of Data},
  year={2018},
  pages={1433--1445},
  publisher={ACM}
}

@article{barnum2014standardizing,
  title={Standardizing cyber threat intelligence information with the structured threat information expression (STIX)},
  author={Barnum, Sean},
  journal={MITRE Corporation},
  volume={11},
  number={S},
  pages={1--22},
  year={2014}
}
